@inproceedings{chen15deeplab,
  author    = {Liang{-}Chieh Chen and George Papandreou and Iasonas Kokkinos 
               and Kevin Murphy and Alan L. Yuille},
  title     = {Semantic Image Segmentation with Deep Convolutional Nets and 
               Fully Connected {CRF}s},
  booktitle = {ICLR},
  year      = {2015}
}

@inproceedings{zhang16insseg,
  author    = {Ziyu Zhang and Sanja Fidler and Raquel Urtasun},
  title     = {Instance-Level Segmentation with Deep Densely Connected {MRF}s},
  booktitle = {CVPR},
  year      = {2016},
}

@inproceedings{long15fcn,
  author    = {Jonathan Long and Evan Shelhamer and Trevor Darrell},
  title     = {Fully Convolutional Networks for Semantic Segmentation},
  booktitle = {CVPR},
  year      = {2015}
}

@inproceedings{uhrig16insseg,
  author    = {Jonas Uhrig and Marius Cordts and Uwe Franke and Thomas Brox},
  title     = {Pixel-level Encoding and Depth Layering for Instance-level 
               Semantic Labeling},
  booktitle = {GCPR},
  year      = {2016}
}

@article{liang15rrinsseg,
  author    = {Xiaodan Liang and Yunchao Wei and Xiaohui Shen and Zequn Jie and
               Jiashi Feng and Liang Lin and Shuicheng Yan},
  title     = {Reversible Recursive Instance-level Object Segmentation},
  journal   = {CoRR},
  volume    = {abs/1511.04517},
  year      = {2015},
  url       = {http://arxiv.org/abs/1511.04517}
}

@inproceedings{silberman14insseg,
  author    = {Nathan Silberman and David Sontag and Rob Fergus},
  title     = {Instance Segmentation of Indoor Scenes Using a Coverage Loss},
  booktitle = {ECCV},
  year      = {2014}
}

@article{li15insseg,
  author    = {Ke Li and Bharath Hariharan and Jitendra Malik},
  title     = {Iterative Instance Segmentation},
  journal   = {CoRR},
  volume    = {abs/1511.08498},
  year      = {2015},
  url       = {http://arxiv.org/abs/1511.08498}
}

@article{liang15pfinsseg,
  author    = {Xiaodan Liang and Yunchao Wei and Xiaohui Shen and Jianchao Yang
               and Liang Lin and Shuicheng Yan},
  title     = {Proposal-free Network for Instance-level Object Segmentation},
  journal   = {CoRR},
  volume    = {abs/1509.02636},
  year      = {2015},
  url       = {http://arxiv.org/abs/1509.02636}
}

@article{arnab15highorder,
  author    = {Anurag Arnab and Sadeep Jayasumana and Shuai Zheng and 
               Philip H. S. Torr},
  title     = {Higher Order Potentials in End-to-End Trainable Conditional 
               Rand Fields},
  journal   = {CoRR},
  volume    = {abs/1511.08119},
  year      = {2015},
  url       = {http://arxiv.org/abs/1511.08119}
}

@article{romeraparedes15ris,
  author    = {Bernardino Romera{-}Paredes and Philip H. S. Torr},
  title     = {Recurrent Instance Segmentation},
  journal   = {CoRR},
  volume    = {abs/1511.08250},
  year      = {2015},
  url       = {http://arxiv.org/abs/1511.08250}
}

@inproceedings{park15ris,
  author    = {Eunbyung Park and Alexander C. Berg},
  title     = {Learning to Decompose for Object Detection and Instance 
               Segmentation},
  journal   = {ICLR},
  year      = {2016},
}

@inproceedings{krahenbuhl11densecrf,
  author    = {Philipp Kr{\"{a}}henb{\"{u}}hl and Vladlen Koltun},
  title     = {Efficient Inference in Fully Connected {CRF}s with Gaussian Edge 
               Potentials},
  booktitle = {NIPS},
  year      = {2011}
}

@inproceedings{zhang15insseg,
  author    = {Ziyu Zhang and Alexander G. Schwing and Sanja Fidler and 
               Raquel Urtasun},
  title     = {Monocular Object Instance Segmentation and Depth Ordering with 
               {CNN}s},
  booktitle = {ICCV},
  year      = {2015}
}

@inproceedings{simonyan14vgg,
  author    = {Karen Simonyan and Andrew Zisserman},
  title     = {Very Deep Convolutional Networks for Large-Scale Image Recognition},
  booktitle = {ICLR},
  year      = {2015}
}

@article{russakovsky14imagenet,
  author    = {Olga Russakovsky and Jia Deng and Hao Su and Jonathan Krause and 
               Sanjeev Satheesh and Sean Ma and Zhiheng Huang and Andrej 
               Karpathy and Aditya Khosla and Michael S. Bernstein and 
               Alexander C. Berg and Li Fei{-}Fei},
  title     = {ImageNet Large Scale Visual Recognition Challenge},
  journal   = {IJCV},
  year      = {2015},
}

@inproceedings{noh15deconv,
  author    = {Hyeonwoo Noh and Seunghoon Hong and Bohyung Han},
  title     = {Learning Deconvolution Network for Semantic Segmentation},
  booktitle = {ICCV},
  year      = {2015},
}

@article{everingham10pascal,
  author    = {Mark Everingham and Luc J. Van Gool and 
               Christopher K. I. Williams and John M. Winn and 
               Andrew Zisserman},
  title     = {The Pascal Visual Object Classes {(VOC)} Challenge},
  journal   = {International Journal of Computer Vision},
  volume    = {88},
  number    = {2},
  pages     = {303--338},
  year      = {2010}
}

@inproceedings{hariharan14detseg,
  author    = {Bharath Hariharan and Pablo Andr{\'{e}}s Arbel{\'{a}}ez and
               Ross B. Girshick and Jitendra Malik},
  title     = {Simultaneous Detection and Segmentation},
  booktitle = {ECCV},
  year      = {2014}
}

@inproceedings{girshick15fastrcnn,
  author    = {Ross B. Girshick},
  title     = {Fast {R-CNN}},
  booktitle = {ICCV},
  year      = {2015}
}

@article{hochreiter97lstm,
  author    = {Sepp Hochreiter and J{\"{u}}rgen Schmidhuber},
  title     = {Long Short-Term Memory},
  journal   = {Neural Computation},
  volume    = {9},
  number    = {8},
  pages     = {1735--1780},
  year      = {1997},
}

@inproceedings{shi2015convlstm,
  author    = {Xingjian Shi and Zhourong Chen and Hao Wang and Dit{-}Yan Yeung 
               and Wai{-}Kin Wong and Wang{-}chun Woo},
  title     = {Convolutional {LSTM} Network: {A} Machine Learning Approach for 
               Precipitation Nowcasting},
  booktitle = {NIPS},
  year      = {2015}
}

@inproceedings{ren15fasterrcnn,
  author    = {Shaoqing Ren and Kaiming He and Ross B. Girshick and Jian Sun},
  title     = {Faster {R-CNN:} {T}owards Real-Time Object Detection with Region 
               Proposal Networks},
  booktitle = {NIPS},
  year      = {2015}
}

@article{stewart15lstmdet,
  author    = {Russell Stewart and Mykhaylo Andriluka},
  title     = {End-to-End People Detection in Crowded Scenes},
  journal   = {CoRR},
  volume    = {abs/1506.04878},
  year      = {2016},
  url       = {http://arxiv.org/abs/1506.04878}
}

@article{dai16insfcn,
  author    = {Jifeng Dai and Kaiming He and Yi Li and Shaoqing Ren and 
               Jian Sun},
  title     = {Instance-sensitive Fully Convolutional Networks},
  journal   = {CoRR},
  volume    = {abs/1603.08678},
  year      = {2016},
  url       = {http://arxiv.org/abs/1603.08678}
}

@article{dai15insaware,
  author    = {Jifeng Dai and Kaiming He and Jian Sun},
  title     = {Instance-aware Semantic Segmentation via Multi-task Network 
               Cascades},
  journal   = {CoRR},
  volume    = {abs/1512.04412},
  year      = {2015},
  url       = {http://arxiv.org/abs/1512.04412}
}

@inproceedings{ren15vqa,
  author    = {Mengye Ren and Ryan Kiros and Richard S. Zemel},
  title     = {Exploring Models and Data for Image Question Answering},
  booktitle = {NIPS},
  year      = {2015}
}

@inproceedings{antol15vqa,
  author    = {Stanislaw Antol and Aishwarya Agrawal and Jiasen Lu and Margaret
               Mitchell and Dhruv Batra and C. Lawrence Zitnick and Devi 
               Parikh},
  title     = {{VQA:} {V}isual Question Answering},
  booktitle = {ICCV},
  year      = {2015}
}

@article{he15residual,
  author    = {Kaiming He and Xiangyu Zhang and Shaoqing Ren and Jian Sun},
  title     = {Deep Residual Learning for Image Recognition},
  journal   = {CoRR},
  volume    = {abs/1512.03385},
  year      = {2015},
  url       = {http://arxiv.org/abs/1512.03385}
}

@inproceedings{krizhevsky12alexnet,
  author = {Alex Krizhevsky and Ilya Sutskever and Geoffrey E. Hinton},
  title = {ImageNet Classification with Deep Convolutional Neural Networks},
  booktitle = {NIPS},
  year = {2012}
}

@inproceedings{bengio15schedsamp,
  author    = {Samy Bengio and Oriol Vinyals and Navdeep Jaitly and 
               Noam Shazeer},
  title     = {Scheduled Sampling for Sequence Prediction with Recurrent Neural
               Networks},
  booktitle = {NIPS},
  year      = {2015},
}

@inproceedings{gregor15draw,
  author    = {Karol Gregor and Ivo Danihelka and Alex Graves and Danilo 
               Jimenez Rezende and Daan Wierstra},
  title     = {{DRAW:} {A} Recurrent Neural Network For Image Generation},
  booktitle = {ICML},
  year      = {2015},
}

@inproceedings{pape14ipk,
  author    = {Jean{-}Michel Pape and Christian Klukas},
  title     = {3-D Histogram-Based Segmentation and Leaf Detection for Rosette 
               Plants},
  booktitle = {{ECCV} Workshops},
  year      = {2014},
}

@article{scharr16leaf,
  author    = {Hanno Scharr and Massimo Minervini and Andrew P. French and 
               Christian Klukas and David M. Kramer and Xiaoming Liu and Imanol
               Luengo and Jean{-}Michel Pape and Gerrit Polder and Danijela 
               Vukadinovic and Xi Yin and Sotirios A. Tsaftaris},
  title     = {Leaf segmentation in plant phenotyping: {A} collation study},
  journal   = {Mach. Vis. Appl.},
  volume    = {27},
  number    = {4},
  pages     = {585--606},
  year      = {2016},
}

@inproceedings{yin14leaf,
  author    = {Xi Yin and Xiaoming Liu and Jin Chen and David M. Kramer},
  title     = {Multi-leaf tracking from fluorescence plant videos},
  booktitle = {{ICIP}},
  year      = {2014}
}

@article{chattopadhyay16count,
  author    = {Prithvijit Chattopadhyay and Ramakrishna Vedantam and R. S. 
               Ramprasaath and Dhruv Batra and Devi Parikh},
  title     = {Counting Everyday Objects in Everyday Scenes},
  journal   = {CoRR},
  volume    = {abs/1604.03505},
  year      = {2016},
  url       = {http://arxiv.org/abs/1604.03505},
  timestamp = {Mon, 02 May 2016 18:22:52 +0200},
  biburl    = {http://dblp.uni-trier.de/rec/bib/journals/corr/ChattopadhyayVR16},
  bibsource = {dblp computer science bibliography, http://dblp.org}
}

@article{barinova12detect,
  author    = {Olga Barinova and Victor S. Lempitsky and Pushmeet Kohli},
  title     = {On Detection of Multiple Object Instances Using Hough 
               Transforms},
  journal   = {{IEEE} Trans. Pattern Anal. Mach. Intell.},
  volume    = {34},
  number    = {9},
  pages     = {1773--1784},
  year      = {2012}
}

@inproceedings{lempitsky10count,
  author    = {Victor S. Lempitsky and Andrew Zisserman},
  title     = {Learning To Count Objects in Images},
  booktitle = {NIPS},
  year      = {2010}
}

@article{minervini14cvppp,
  author    = {Massimo Minervini and Andreas Fischbach and Hanno Scharr and 
               Sotirios A. Tsaftaris},
  title     = {Finely-grained annotated datasets for image-based plant 
               phenotyping},
  journal   = {Pattern Recognition Letters},
  year      = {2015},
  note      = {Special Issue on Fine-grained Categorization in Ecological 
               Multimedia},
}

@inproceedings{lin14mscoco,
  author    = {Tsung{-}Yi Lin and Michael Maire and Serge Belongie and James 
               Hays and Pietro Perona and Deva Ramanan and Piotr Doll{\'{a}}r 
               and C. Lawrence Zitnick},
  title     = {Microsoft {COCO:} {C}ommon {O}bjects in {C}ontext},
  booktitle = {ECCV},
  year      = {2014}
}

@inproceedings{geiger12kitti,
  author    = {Andreas Geiger and Philip Lenz and Raquel Urtasun},
  title     = {Are we ready for autonomous driving? {T}he {KITTI} vision 
               benchmark suite},
  booktitle = {CVPR},
  year      = {2012}
}

@article{uijlings13ss,
  author    = {Jasper R. R. Uijlings and Koen E. A. van de Sande and Theo 
               Gevers and Arnold W. M. Smeulders},
  title     = {Selective Search for Object Recognition},
  journal   = {International Journal of Computer Vision},
  volume    = {104},
  number    = {2},
  pages     = {154--171},
  year      = {2013}
}

@article{cordts16cityscape,
  author    = {Marius Cordts and Mohamed Omran and Sebastian Ramos and Timo 
               Rehfeld and Markus Enzweiler and Rodrigo Benenson and Uwe Franke
               and Stefan Roth and Bernt Schiele},
  title     = {The Cityscapes Dataset for Semantic Urban Scene Understanding},
  journal   = {CoRR},
  volume    = {abs/1604.01685},
  year      = {2016}
}

@inproceedings{tang14genattn,
  author    = {Yichuan Tang and Nitish Srivastava and Ruslan Salakhutdinov},
  title     = {Learning Generative Models with Visual Attention},
  booktitle = {NIPS},
  year      = {2014}
}

@inproceedings{larochelle10rbmattn,
  author    = {Hugo Larochelle and Geoffrey E. Hinton},
  title     = {Learning to combine foveal glimpses with a third-order Boltzmann
               machine},
  booktitle = {NIPS},
  year      = {2010}
}

@inproceedings{bahdanau14mt,
  author    = {Dzmitry Bahdanau and Kyunghyun Cho and Yoshua Bengio},
  title     = {Neural Machine Translation by Jointly Learning to Align and 
               Translate},
  booktitle = {ICLR},
  year      = {2015},
}

@inproceedings{xu15caption,
  author    = {Kelvin Xu and Jimmy Ba and Ryan Kiros and Kyunghyun Cho and 
               Aaron C. Courville and Ruslan Salakhutdinov and Richard S. Zemel
               and Yoshua Bengio},
  title     = {Show, Attend and Tell: {N}eural Image Caption Generation with 
               Visual Attention},
  booktitle = {ICML},
  year      = {2015},
}

@article{rensink00scenerep,
  author    = {Ronald A. Rensink},
  title     = {The Dynamic Representation of Scenes},
  journal   = {Visual Cognition},
  year      = {2000}
}

@article{corbetta02attn,
  author    = {Maurizio Corbetta and Gordon L. Shulman},
  title     = {Control of goal-directed and stimulus-driven attention in the brain},
  journal   = {Nat Rev Neurosci},
  year      = {2002},
  pages     = {201-215},
  volume    = {3},
  number    = {3}
}

@inproceedings{kingma14adam,
  author    = {Diederik P. Kingma and Jimmy Ba},
  title     = {Adam: {A} Method for Stochastic Optimization},
  booktitle = {ICLR},
  year      = {2015}
}

@inproceedings{mnih14attn,
  author    = {Volodymyr Mnih and Nicolas Heess and Alex Graves and Koray 
               Kavukcuoglu},
  title     = {Recurrent Models of Visual Attention},
  booktitle = {NIPS},
  year      = {2014}
}

@article{he16residual,
  author    = {Kaiming He and Xiangyu Zhang and Shaoqing Ren and Jian Sun},
  title     = {Identity Mappings in Deep Residual Networks},
  journal   = {CoRR},
  volume    = {abs/1603.05027},
  year      = {2016},
  url       = {http://arxiv.org/abs/1603.05027}
}

@inproceedings{giuffrida15count,
  title     = {Learning to Count Leaves in Rosette Plants},
  author    = {Mario Valerio Giuffrida and Massimo Minervini and Sotirios Tsaftaris},
  year      = {2015},
  booktitle = {Proceedings of the Computer Vision Problems in Plant Phenotyping
               (CVPPP)},
}

@inproceedings{pinheiro15seg,
  author    = {Pedro H. O. Pinheiro and Ronan Collobert and Piotr Doll{\'{a}}r},
  title     = {Learning to Segment Object Candidates},
  booktitle = {NIPS},
  year      = {2015}
}
